<?xml version="1.0" encoding="UTF-8"?><record xmlns="http://www.loc.gov/MARC21/slim" xmlns:cinclude="http://apache.org/cocoon/include/1.0" xmlns:zs="http://www.loc.gov/zing/srw/">
  <leader>01158cz  a2200289n  4500</leader>
  <controlfield tag="001">nr 90020239 </controlfield>
  <controlfield tag="003">DLC</controlfield>
  <controlfield tag="005">20080926080505.0</controlfield>
  <controlfield tag="008">901010n| acannaabn          |b aaa     c</controlfield>
  <datafield tag="010" ind1=" " ind2=" ">
    <subfield code="a">nr 90020239 </subfield>
  </datafield>
  <datafield tag="035" ind1=" " ind2=" ">
    <subfield code="a">(OCoLC)oca02831461</subfield>
  </datafield>
  <datafield tag="040" ind1=" " ind2=" ">
    <subfield code="a">CtY</subfield>
    <subfield code="b">eng</subfield>
    <subfield code="c">CtY</subfield>
    <subfield code="d">IU</subfield>
    <subfield code="d">DLC</subfield>
    <subfield code="d">OCoLC</subfield>
  </datafield>
  <datafield tag="053" ind1=" " ind2="0">
    <subfield code="a">PJ5129.L536</subfield>
  </datafield>
  <datafield tag="100" ind1="1" ind2=" ">
    <subfield code="a">Lifshits, Mendl,</subfield>
    <subfield code="d">1907-</subfield>
  </datafield>
  <datafield tag="400" ind1="1" ind2=" ">
    <subfield code="a">Lifshit︠s︡, M.</subfield>
    <subfield code="q">(Mendelʹ),</subfield>
    <subfield code="d">1907-</subfield>
  </datafield>
  <datafield tag="400" ind1="1" ind2=" ">
    <subfield code="a">Lifshit︠s︡, Mendelʹ,</subfield>
    <subfield code="d">1907-</subfield>
  </datafield>
  <datafield tag="400" ind1="1" ind2=" ">
    <subfield code="a">ליפשיץ, מענדל</subfield>
  </datafield>
  <datafield tag="400" ind1="1" ind2=" ">
    <subfield code="a">ליפשיץ, מענדל,</subfield>
    <subfield code="d">1907-</subfield>
  </datafield>
  <datafield tag="400" ind1="1" ind2=" ">
    <subfield code="a">ליפשיץ, מענדל,</subfield>
    <subfield code="d">7091־</subfield>
  </datafield>
  <datafield tag="400" ind1="1" ind2=" ">
    <subfield code="a">ליפשיץ, מ.</subfield>
  </datafield>
  <datafield tag="400" ind1="1" ind2=" ">
    <subfield code="a">ליפשיצ, מ.,</subfield>
    <subfield code="d">‪1907-‬</subfield>
  </datafield>
  <datafield tag="667" ind1=" " ind2=" ">
    <subfield code="a">Machine-derived non-Latin script reference project.</subfield>
  </datafield>
  <datafield tag="667" ind1=" " ind2=" ">
    <subfield code="a">Non-Latin script references not evaluated.</subfield>
  </datafield>
  <datafield tag="670" ind1=" " ind2=" ">
    <subfield code="a">His Moi︠a︡ zemli︠a︡, 1965:</subfield>
    <subfield code="b">t.p. (M. Lifshit︠s︡) colophon (Lifshit︠s︡ Mendelʹ Nakhimovich) verso t.p. (b. 1907)</subfield>
  </datafield>
  <datafield tag="670" ind1=" " ind2=" ">
    <subfield code="a">NUC 1963-67</subfield>
    <subfield code="b">(Lifshit︠s︡, Mendl)</subfield>
  </datafield>
  <datafield tag="670" ind1=" " ind2=" ">
    <subfield code="a">A zun miṭ a regn, 1977:</subfield>
    <subfield code="b">t.p. (Mendl Lifshits) t.p. verso (writes in Yiddish) colophon (Mendelʹ Nakhimovich Lifshit︠s︡)</subfield>
  </datafield>
  <datafield tag="675" ind1=" " ind2=" ">
    <subfield code="a">Encyc. Judaica, 1971</subfield>
  </datafield>
</record>